<?xml version="1.0" encoding="UTF-8"?><collection xmlns="http://www.loc.gov/MARC21/slim"><record><leader>00394nam--2200133-i-4500</leader><controlfield tag="001">000048505</controlfield><controlfield tag="002">20161230</controlfield><controlfield tag="005">20161230201047</controlfield><controlfield tag="008">060222s1000------------r-----000-0-eng-d</controlfield><datafield ind1=" " ind2=" " tag="080"><subfield code="a">517.96(043)</subfield></datafield><datafield ind1=" " ind2=" " tag="100"><subfield code="a">Raclis, Radolphe Nicolas</subfield></datafield><datafield ind1=" " ind2=" " tag="245"><subfield code="a">Solution principale de l`ecuation aux differences finies de poincare. these</subfield></datafield><datafield ind1=" " ind2=" " tag="260"><subfield code="a">Paris, Les Presses Univ.De France, 1929, 117p</subfield></datafield><datafield ind1=" " ind2=" " tag="852"><subfield code="a">47533</subfield></datafield></record></collection>